@book{ME12,
author = {Musterfrau, Erika and Exempelmann, Max},
edition = {5},
isbn = {978-123-45678},
publisher = {Wissenschaftstestverlag},
title = {{Zitationen am Beispiel}},
year = {2012}
}

@article{TD15,
	author = {Testhansel, Heribert and Demofrau, Marita},
	title = {Das Testen von Artikeln},
	journaltitle = {Int. Journal of Testing},
	year={2015},
	series = {Lecture Notes},
	volume = {5},
	number = {2},
	issue = {42},
	pages = {111--222},
	publisher = {Elsedrei},
	doi = {10/1234.2345}
}

@misc{B,
    publisher = "Twitter Inc.",
    month = "Februar",
    year = "2017",
    url = "http://http://getbootstrap.com/",}]

@misc{C,
    month = "Februar",
    year = "2017",
    url = "http://www.chartjs.org/docs/",}]

